@misc{NflixResearch, 
title = {Recommendations, Figuring out how to bring unique joy to each member},
url={https://research.netflix.com/research-area/recommendations}, 
journal={Netflix Research},
author = {NetflixResearch}
} 

@misc{Hardesty_2024, 
title={The history of Amazon’s recommendation algorithm}, 
url={https://www.amazon.science/the-history-of-amazons-recommendation-algorithm}, 
journal={Amazon Science}, 
publisher={Amazon Science}, 
author={Hardesty, Larry}, 
year={2019},
month={Nov}} 

@misc{SpotifyResearch, url={https://research.atspotify.com/search-recommendations/}, journal={Spotify Research}, publisher={Spotify Research},
author={SpotifyResearch},
title={Search \& Recommendations}
} 

@misc{Goodrow_2021, title={On YouTube’s recommendation system}, url={https://blog.youtube/inside-youtube/on-youtubes-recommendation-system/}, journal={blog.youtube}, publisher={YouTube Official Blog}, author={Goodrow, Cristos}, year={2021}, month={Sep}} 

@article{Karakayali_Kostem_Galip_2017, title={Recommendation Systems AS Technologies of the self: Algorithmic control and the formation of music taste}, volume={35}, DOI={10.1177/0263276417722391}, number={2}, journal={Theory, Culture \& Society}, author={Karakayali, Nedim and Kostem, Burc and Galip, Idil}, year={2017}, month={Aug}, pages={3–24}} 

@article{Paul_Kundu_2019, title={A survey of music recommendation systems with a proposed music recommendation system}, DOI={10.1007/978-981-13-7403-6_26}, journal={Advances in Intelligent Systems and Computing}, author={Paul, Dip and Kundu, Subhradeep}, year={2019}, month={Jul}, pages={279–285}} 

@misc{Yedidi_2023, title={10 remarkable real world examples of Recommender Systems}, url={https://appstekcorp.com/blog/10-remarkable-real-world-examples-of-recommender-systems/}, journal={AppsTek Corp}, author={Yedidi, Vathslya}, year={2023}, month={Apr}} 

@article{Roy_Dutta_2022, title={A systematic review and research perspective on Recommender Systems}, volume={9}, DOI={10.1186/s40537-022-00592-5}, number={1}, journal={Journal of Big Data}, author={Roy, Deepjyoti and Dutta, Mala}, year={2022}, month={May}} 

@article{Schedl_Zamani_Chen_Deldjoo_Elahi_2018, title={Current challenges and visions in Music Recommender Systems Research}, volume={7}, DOI={10.1007/s13735-018-0154-2}, number={2}, journal={International Journal of Multimedia Information Retrieval}, author={Schedl, Markus and Zamani, Hamed and Chen, Ching-Wei and Deldjoo, Yashar and Elahi, Mehdi}, year={2018}, month={Apr}, pages={95–116}} 

@misc{Muralidharan_2023, title={A complete study of Amazon’s recommendation system}, url={https://www.argoid.ai/blog/decoding-amazons-recommendation-system}, journal={Argoid}, publisher={Argoid}, author={Muralidharan, Gokul}, year={2023}, month={Feb}} 

@misc{Krysik_2021, title={Netflix algorithm: Everything you need to know about the recommendation system of the most popular streaming portal}, url={https://recostream.com/blog/recommendation-system-netflix}, journal={Recostream}, author={Krysik, Arkadiusz}, year={2021}, month={Aug}} 

@misc{Lendave_2021, title={Cold-start problem in recommender systems and its mitigation techniques}, url={https://analyticsindiamag.com/cold-start-problem-in-recommender-systems-and-its-mitigation-techniques/}, journal={Analytics India Magazine}, author={Lendave, Vijaysinh}, year={2021}, month={Sep}} 

@misc{Broussard_2019, title={Apple Music updates “for you” with new layout featuring more frequent song recommendations}, url={https://www.macrumors.com/2019/05/14/apple-music-for-you-layout/}, journal={MacRumors}, publisher={MacRumors}, author={Broussard, Mitchel}, year={2019}, month={May}} 

@misc{Mohan_2023, title={How does Spotify’s recommendation system work?}, url={https://www.univ.ai/blog/how-does-spotifys-recommendation-system-work#:~:text=Recommendation%20systems%20can%20be%20split,familiar%20but%20still%20fresh%20playlist}, journal={Univ.AI}, publisher={Univ.AI}, author={Mohan, Arya}, year={2023}, month={Jan}} 

@misc{Last.fm, title={About Last.fm}, url={https://www.last.fm/about}, journal={Last.fm}, author={Last.fm}} 